<record><leader>00000cas a2200000 a 4500</leader><controlfield tag="001">12130335</controlfield><controlfield tag="008">850607d18911896ksuwr ne      0    0eng d</controlfield><datafield ind1=" " ind2=" " tag="010"><subfield code="a">sn 85030527 </subfield></datafield><datafield ind1=" " ind2=" " tag="040"><subfield code="a">KSH</subfield><subfield code="b">eng</subfield><subfield code="c">KSH</subfield><subfield code="d">NPT</subfield><subfield code="d">OCL</subfield><subfield code="d">OCLCQ</subfield></datafield><datafield ind1=" " ind2=" " tag="042"><subfield code="a">msc</subfield></datafield><datafield ind1="0" ind2="0" tag="245"><subfield code="a">Chanute vidette-times.</subfield></datafield><datafield ind1=" " ind2=" " tag="260"><subfield code="a">Chanute, Kan. :</subfield><subfield code="b">Dewey &amp; Hale,</subfield><subfield code="c">1891-1896.</subfield></datafield><datafield ind1=" " ind2=" " tag="300"><subfield code="a">7 v. :</subfield><subfield code="b">ill. ;</subfield><subfield code="c">55 cm.</subfield></datafield><datafield ind1=" " ind2=" " tag="310"><subfield code="a">Weekly</subfield></datafield><datafield ind1="0" ind2=" " tag="362"><subfield code="a">Vol. 19, no. 16 (Jan. 16, 1891)-v. 25, no. 14 (Dec. 24, 1896).</subfield></datafield><datafield ind1=" " ind2=" " tag="500"><subfield code="a">Published by G.M. Dewey, Aug. 14, 1891-Dec. 24, 1896.</subfield></datafield><datafield ind1=" " ind2=" " tag="500"><subfield code="a">"Republican."</subfield></datafield><datafield ind1=" " ind2=" " tag="752"><subfield code="a">United States</subfield><subfield code="b">Kansas</subfield><subfield code="c">Neosho</subfield><subfield code="d">Chanute.</subfield></datafield><datafield ind1="0" ind2="4" tag="780"><subfield code="t">Chanute vidette</subfield><subfield code="w">(DLC)sn 85030526</subfield></datafield><datafield ind1="0" ind2="4" tag="780"><subfield code="t">Chanute weekly times</subfield><subfield code="w">(DLC)sn 85030525</subfield></datafield><datafield ind1="0" ind2="0" tag="785"><subfield code="t">Chanute times (Chanute, Kan. : 1897)</subfield><subfield code="w">(DLC)sn 85030529</subfield></datafield></record>